@incollection {nested-data-parallelism,
   author = {Peyton Jones, Simon},
   affiliation = {Microsoft Research Cambridge U.K},
   title = {Harnessing the Multicores: Nested Data Parallelism in Haskell},
   booktitle = {Programming Languages and Systems},
   series = {Lecture Notes in Computer Science},
   editor = {Ramalingam, G.},
   publisher = {Springer Berlin / Heidelberg},
   isbn = {},
   pages = {138-138},
   volume = {5356},
   year = {2008}
}  

@inproceedings{Kennedy:2007:RFH:1238844.1238851,
 author = {Kennedy, Ken and Koelbel, Charles and Zima, Hans},
 title = {The rise and fall of High Performance Fortran: an historical object lesson},
 booktitle = {Proceedings of the third ACM SIGPLAN conference on History of programming languages},
 series = {HOPL III},
 year = {2007},
 isbn = {978-1-59593-766-7},
 location = {San Diego, California},
 pages = {7-1--7-22},
 url = {http://doi.acm.org/10.1145/1238844.1238851},
 doi = {http://doi.acm.org/10.1145/1238844.1238851},
 acmid = {1238851},
 publisher = {ACM},
 address = {New York, NY, USA},
 keywords = {High Performance Fortran (HPF), compilers, parallel computing},
} 
@article{SAGAWANOBUTOSHI:1989-01-15,
author="SAGAWA NOBUTOSHI and KON'NO CHISATO and UMETANI YUKIO",
title="Numerical Simulation Language DEQSOL",
journal="Transactions of Information Processing Society of Japan",
ISSN="03875806",
publisher="Information Processing Society of Japan (IPSJ)",
year="1989-01-15",
volume="30",
number="1",
pages="36-45",
URL="http://ci.nii.ac.jp/naid/110002724440/en/",
DOI="",
}
@inproceedings{Kon'no:1986:AIS:324493.325029,
 author = {Kon'no, Chisato and Saji, Miyuki and Sagawa, Nobutoshi and Umetani, Yukio},
 title = {Advanced implicit solution function of DEQSOL and its evaluation},
 booktitle = {Proceedings of 1986 ACM Fall joint computer conference},
 series = {ACM '86},
 year = {1986},
 isbn = {0-8186-4743-4},
 location = {Dallas, Texas, United States},
 pages = {1026--1033},
 numpages = {8},
 url = {http://portal.acm.org/citation.cfm?id=324493.325029},
 acmid = {325029},
 publisher = {IEEE Computer Society Press},
 address = {Los Alamitos, CA, USA},
} 

@article{SagawaNobutoshi:1989-03-15,
author="Sagawa Nobutoshi and Umetani Yukio",
title="Basic Research on DEQSOL for Parallel Processors",
journal="Zenkoku Taikai Kouen Ronbun Shu",
ISSN="",
publisher="Information Processing Society of Japan (IPSJ)",
year="1989-03-15",
volume="38",
number="3",
pages="1492-1493",
URL="http://ci.nii.ac.jp/naid/110002895282/en/",
DOI="",
}

@phdthesis{Datta:EECS-2009-177,
    Author = {Datta, Kaushik},
    Title = {Auto-tuning Stencil Codes for Cache-Based Multicore Platforms},
    School = {EECS Department, University of California, Berkeley},
    Year = {2009},
    Month = {Dec},
    URL = {http://www.eecs.berkeley.edu/Pubs/TechRpts/2009/EECS-2009-177.html},
    Number = {UCB/EECS-2009-177}
}


@inproceedings{Datta:2008:SCO:1413370.1413375,
 author = {Datta, Kaushik and Murphy, Mark and Volkov, Vasily and Williams, Samuel and Carter, Jonathan and Oliker, Leonid and Patterson, David and Shalf, John and Yelick, Katherine},
 title = {Stencil computation optimization and auto-tuning on state-of-the-art multicore architectures},
 booktitle = {Proceedings of the 2008 ACM/IEEE conference on Supercomputing},
 series = {SC '08},
 year = {2008},
 isbn = {978-1-4244-2835-9},
 location = {Austin, Texas},
 pages = {4:1--4:12},
 articleno = {4},
 numpages = {12},
 url = {http://portal.acm.org/citation.cfm?id=1413370.1413375},
 acmid = {1413375},
 publisher = {IEEE Press},
 address = {Piscataway, NJ, USA},
} 


@article{Chafi:2010:LVH:1932682.1869527,
 author = {Chafi, Hassan and DeVito, Zach and Moors, Adriaan and Rompf, Tiark and Sujeeth, Arvind K. and Hanrahan, Pat and Odersky, Martin and Olukotun, Kunle},
 title = {Language virtualization for heterogeneous parallel computing},
 journal = {SIGPLAN Not.},
 issue_date = {October 2010},
 volume = {45},
 issue = {10},
 issn = {0362-1340},
 pages = {835--847},
 numpages = {13},
 url = {http://doi.acm.org/10.1145/1932682.1869527},
 doi = {http://doi.acm.org/10.1145/1932682.1869527},
 acmid = {1869527},
 publisher = {ACM},
 address = {New York, NY, USA},
 keywords = {domain specific languages, dynamic optimizations, parallel programming},
} 
